<collection xmlns="http://www.loc.gov/MARC21/slim">
<record>
  <leader>01643nam0a22003251i 450 </leader>
  <controlfield tag="001">IT\ICCU\CNCE\067719</controlfield>
  <controlfield tag="005">20101227000000.0</controlfield>
  <datafield tag="012" ind1=" " ind2=" ">
    <subfield code="a">i.s. s.s. m.st tira (3) 1504 (Q)</subfield>
    <subfield code="2">fei</subfield>
  </datafield>
  <datafield tag="100" ind1=" " ind2=" ">
    <subfield code="a">20060907f1504        0itac0103    ba</subfield>
  </datafield>
  <datafield tag="101" ind1=" " ind2=" ">
    <subfield code="a">LAT</subfield>
  </datafield>
  <datafield tag="102" ind1=" " ind2=" ">
    <subfield code="a">IT</subfield>
  </datafield>
  <datafield tag="200" ind1="1" ind2=" ">
    <subfield code="a">Missale secundum morem et constitutiones fratrum ordinis humiliatorum: sub diui Benedicti regula militantium. Anno MCCCCCIIII die XXV Januarii expletum</subfield>
  </datafield>
  <datafield tag="210" ind1=" " ind2=" ">
    <subfield code="d">\non prima del 1504!</subfield>
    <subfield code="e">Impressum Mediolani</subfield>
    <subfield code="g">per Antonium Zarotum Par.</subfield>
    <subfield code="g">impensis venerabilis patris domini Antonii de Capellis</subfield>
  </datafield>
  <datafield tag="215" ind1=" " ind2=" ">
    <subfield code="a">\8!, LXXXV, \105! c.</subfield>
    <subfield code="c">ill.</subfield>
    <subfield code="d">fol</subfield>
  </datafield>
  <datafield tag="300" ind1=" " ind2=" ">
    <subfield code="a">Stampata non prima del 1504, come si ricava dal titolo</subfield>
  </datafield>
  <datafield tag="620" ind1=" " ind2=" ">
    <subfield code="a">IT</subfield>
    <subfield code="d">Milano</subfield>
  </datafield>
  <datafield tag="710" ind1="0" ind2="2">
    <subfield code="a">Umiliati</subfield>
    <subfield code="3">6956</subfield>
  </datafield>
  <datafield tag="712" ind1="0" ind2="0">
    <subfield code="a">Zarotto, Antonio</subfield>
    <subfield code="3">IT\ICCU\CNCT\001471</subfield>
    <subfield code="4">650</subfield>
  </datafield>
  <datafield tag="712" ind1="0" ind2="0">
    <subfield code="a">De_Capellis, Antonio</subfield>
    <subfield code="3">IT\ICCU\CNCT\003497</subfield>
    <subfield code="4">650</subfield>
  </datafield>
  <datafield tag="791" ind1="0" ind2="2">
    <subfield code="a">Ordo fratrum humiliatorum</subfield>
    <subfield code="3">6957</subfield>
    <subfield code="z">Umiliati</subfield>
  </datafield>
  <datafield tag="791" ind1="0" ind2="0">
    <subfield code="a">Zarotus, Antonius</subfield>
    <subfield code="3">IT\ICCU\CNCT\005817</subfield>
    <subfield code="z">Zarotto, Antonio</subfield>
  </datafield>
  <datafield tag="791" ind1="0" ind2="0">
    <subfield code="a">Zaroto, Antonio</subfield>
    <subfield code="3">IT\ICCU\CNCT\005818</subfield>
    <subfield code="z">Zarotto, Antonio</subfield>
  </datafield>
  <datafield tag="791" ind1="0" ind2="0">
    <subfield code="a">Capello, Antonio</subfield>
    <subfield code="3">IT\ICCU\CNCT\003498</subfield>
    <subfield code="z">De_Capellis, Antonio</subfield>
  </datafield>
  <datafield tag="791" ind1="0" ind2="0">
    <subfield code="a">Capellis, Antonius de</subfield>
    <subfield code="3">IT\ICCU\CNCT\003732</subfield>
    <subfield code="z">De_Capellis, Antonio</subfield>
  </datafield>
  <datafield tag="801" ind1=" " ind2="3">
    <subfield code="a">IT</subfield>
    <subfield code="b">ICCU</subfield>
    <subfield code="c">20201115</subfield>
  </datafield>
  <datafield tag="899" ind1=" " ind2=" ">
    <subfield code="a">Biblioteca Ambrosiana. Milano</subfield>
    <subfield code="1">MI0133</subfield>
    <subfield code="2">VBA 01</subfield>
  </datafield>
  <datafield tag="899" ind1=" " ind2=" ">
    <subfield code="a">Biblioteca nazionale Braidense. Milano</subfield>
    <subfield code="z">MUTILO</subfield>
    <subfield code="1">MI0185</subfield>
    <subfield code="2">MIL NB</subfield>
  </datafield>
  <datafield tag="899" ind1=" " ind2=" ">
    <subfield code="a">Biblioteca Palatina. Parma</subfield>
    <subfield code="1">PR0072</subfield>
    <subfield code="2">PAR PA</subfield>
  </datafield>
  <datafield tag="899" ind1=" " ind2=" ">
    <subfield code="a">Biblioteca nazionale universitaria. Torino</subfield>
    <subfield code="1">TO0265</subfield>
    <subfield code="2">TO0 02</subfield>
  </datafield>
  <datafield tag="899" ind1=" " ind2=" ">
    <subfield code="a">Biblioteca dei padri Redentoristi e Archivio della Chiesa di Santa Maria della Consolazione. Venezia</subfield>
    <subfield code="1">VE0150</subfield>
    <subfield code="2">VIA RD</subfield>
  </datafield>
</record>
</collection>
